[gd_scene load_steps=30 format=3 uid="uid://dka2vc8dgyfim"]

[ext_resource type="Texture2D" uid="uid://vsgnghiii234" path="res://assets/gfx/ship.png" id="1_8ottq"]
[ext_resource type="Script" path="res://scripts/player/ship.gd" id="1_w07kd"]
[ext_resource type="Script" path="res://scripts/components/move_component.gd" id="2_slg43"]
[ext_resource type="Script" path="res://scripts/components/move_input_component.gd" id="3_kwok4"]
[ext_resource type="Resource" uid="uid://b6hwoxh84avlh" path="res://resources/player/ship_move_stats.tres" id="4_2f4rj"]
[ext_resource type="Script" path="res://scripts/components/position_clamp_component.gd" id="5_7t7ew"]
[ext_resource type="Script" path="res://scripts/components/spawner_component.gd" id="7_08enb"]
[ext_resource type="PackedScene" uid="uid://bqommcm7jip4o" path="res://scenes/share/projectiles/laser.tscn" id="8_2icdg"]
[ext_resource type="Script" path="res://scripts/components/scale_component.gd" id="9_wi5wn"]
[ext_resource type="Texture2D" uid="uid://dedagoixmp1a7" path="res://assets/gfx/ship_flame.png" id="10_5spcp"]
[ext_resource type="Script" path="res://scripts/components/stats_component.gd" id="11_535br"]
[ext_resource type="Script" path="res://scripts/components/hurtbox_component.gd" id="12_kfsdl"]
[ext_resource type="Script" path="res://scripts/components/hurt_component.gd" id="13_pj5ra"]
[ext_resource type="PackedScene" uid="uid://b40q22cmhpork" path="res://assets/effects/explosion_effect.tscn" id="14_nmsp1"]
[ext_resource type="Script" path="res://scripts/components/destroyed_component.gd" id="15_otok5"]
[ext_resource type="Script" path="res://scripts/components/variable_pitch_audio_stream_player.gd" id="16_dwn2p"]
[ext_resource type="AudioStream" uid="uid://cu6ysr81t5s62" path="res://assets/sounds/laser_sound.wav" id="16_wyhk0"]

[sub_resource type="AtlasTexture" id="AtlasTexture_ep232"]
atlas = ExtResource("1_8ottq")
region = Rect2(16, 0, 16, 16)

[sub_resource type="AtlasTexture" id="AtlasTexture_y0q12"]
atlas = ExtResource("1_8ottq")
region = Rect2(0, 0, 16, 16)

[sub_resource type="AtlasTexture" id="AtlasTexture_n0bcu"]
atlas = ExtResource("1_8ottq")
region = Rect2(32, 0, 16, 16)

[sub_resource type="SpriteFrames" id="SpriteFrames_6j2ty"]
animations = [{
"frames": [{
"duration": 1.0,
"texture": SubResource("AtlasTexture_ep232")
}],
"loop": true,
"name": &"center",
"speed": 5.0
}, {
"frames": [{
"duration": 1.0,
"texture": SubResource("AtlasTexture_y0q12")
}],
"loop": true,
"name": &"turn_left",
"speed": 5.0
}, {
"frames": [{
"duration": 1.0,
"texture": SubResource("AtlasTexture_n0bcu")
}],
"loop": true,
"name": &"turn_right",
"speed": 5.0
}]

[sub_resource type="AtlasTexture" id="AtlasTexture_ixai4"]
atlas = ExtResource("10_5spcp")
region = Rect2(16, 0, 16, 16)

[sub_resource type="AtlasTexture" id="AtlasTexture_0tn3r"]
atlas = ExtResource("10_5spcp")
region = Rect2(16, 16, 16, 16)

[sub_resource type="AtlasTexture" id="AtlasTexture_5cfv0"]
atlas = ExtResource("10_5spcp")
region = Rect2(0, 0, 16, 16)

[sub_resource type="AtlasTexture" id="AtlasTexture_aixjd"]
atlas = ExtResource("10_5spcp")
region = Rect2(0, 16, 16, 16)

[sub_resource type="AtlasTexture" id="AtlasTexture_agi2c"]
atlas = ExtResource("10_5spcp")
region = Rect2(32, 0, 16, 16)

[sub_resource type="AtlasTexture" id="AtlasTexture_vsrxi"]
atlas = ExtResource("10_5spcp")
region = Rect2(32, 16, 16, 16)

[sub_resource type="SpriteFrames" id="SpriteFrames_njplq"]
animations = [{
"frames": [{
"duration": 1.0,
"texture": SubResource("AtlasTexture_ixai4")
}, {
"duration": 1.0,
"texture": SubResource("AtlasTexture_0tn3r")
}],
"loop": true,
"name": &"center",
"speed": 10.0
}, {
"frames": [{
"duration": 1.0,
"texture": SubResource("AtlasTexture_5cfv0")
}, {
"duration": 1.0,
"texture": SubResource("AtlasTexture_aixjd")
}],
"loop": true,
"name": &"turn_left",
"speed": 5.0
}, {
"frames": [{
"duration": 1.0,
"texture": SubResource("AtlasTexture_agi2c")
}, {
"duration": 1.0,
"texture": SubResource("AtlasTexture_vsrxi")
}],
"loop": true,
"name": &"turn_right",
"speed": 5.0
}]

[sub_resource type="CircleShape2D" id="CircleShape2D_aohgd"]
radius = 6.08276

[node name="Ship" type="Node2D"]
script = ExtResource("1_w07kd")

[node name="AnimatedSprite2D" type="AnimatedSprite2D" parent="."]
sprite_frames = SubResource("SpriteFrames_6j2ty")
animation = &"center"
autoplay = "center"

[node name="MoveComponent" type="Node" parent="." node_paths=PackedStringArray("actor")]
script = ExtResource("2_slg43")
actor = NodePath("..")

[node name="MoveInputComponent" type="Node" parent="." node_paths=PackedStringArray("move_component")]
script = ExtResource("3_kwok4")
move_stats = ExtResource("4_2f4rj")
move_component = NodePath("../MoveComponent")

[node name="PositionClampComponent" type="Node2D" parent="." node_paths=PackedStringArray("actor")]
script = ExtResource("5_7t7ew")
actor = NodePath("..")

[node name="LeftMuzzle" type="Marker2D" parent="."]
position = Vector2(-5, -4)

[node name="RightMuzzle" type="Marker2D" parent="."]
position = Vector2(5, -4)

[node name="SpawnerComponentProjectile" type="Node2D" parent="."]
script = ExtResource("7_08enb")
scene = ExtResource("8_2icdg")

[node name="FireRateTimer" type="Timer" parent="."]
wait_time = 0.4
autostart = true

[node name="ScaleComponent" type="Node" parent="." node_paths=PackedStringArray("sprite")]
script = ExtResource("9_wi5wn")
sprite = NodePath("../AnimatedSprite2D")

[node name="FlameAnimatedSprite" type="AnimatedSprite2D" parent="."]
position = Vector2(0, 16)
sprite_frames = SubResource("SpriteFrames_njplq")
animation = &"turn_right"
autoplay = "center"

[node name="StatsComponent" type="Node" parent="."]
script = ExtResource("11_535br")

[node name="HurtboxComponent" type="Area2D" parent="."]
collision_layer = 2
collision_mask = 0
script = ExtResource("12_kfsdl")

[node name="CollisionShape2D" type="CollisionShape2D" parent="HurtboxComponent"]
position = Vector2(0, 1)
shape = SubResource("CircleShape2D_aohgd")

[node name="HurtComponent" type="Node" parent="." node_paths=PackedStringArray("stats_component", "hurtbox_component")]
script = ExtResource("13_pj5ra")
stats_component = NodePath("../StatsComponent")
hurtbox_component = NodePath("../HurtboxComponent")

[node name="SpawnerComponentDestroyEffect" type="Node2D" parent="."]
script = ExtResource("7_08enb")
scene = ExtResource("14_nmsp1")

[node name="DestroyedComponent" type="Node" parent="." node_paths=PackedStringArray("actor", "stats_component", "destroy_effect_spawner_component")]
script = ExtResource("15_otok5")
actor = NodePath("..")
stats_component = NodePath("../StatsComponent")
destroy_effect_spawner_component = NodePath("../SpawnerComponentDestroyEffect")

[node name="VariablePitchAudioStreamPlayer" type="AudioStreamPlayer" parent="."]
stream = ExtResource("16_wyhk0")
bus = &"SFX"
script = ExtResource("16_dwn2p")
