[gd_scene load_steps=18 format=3 uid="uid://dj8rq3m3154eg"]

[ext_resource type="PackedScene" uid="uid://cliw6krl15wex" path="res://scenes/share/enemies/enemy.tscn" id="1_x4wca"]
[ext_resource type="Script" path="res://scripts/share/enemies/pink_enemy.gd" id="2_1oqft"]
[ext_resource type="Texture2D" uid="uid://bavxlml733ktf" path="res://assets/gfx/pink_enemy.png" id="2_opdpt"]
[ext_resource type="Script" path="res://scripts/components/timed_state_componoent.gd" id="3_rsna2"]
[ext_resource type="Script" path="res://scripts/components/move_component.gd" id="4_g2vhe"]
[ext_resource type="Script" path="res://scripts/components/border_bounce_component.gd" id="5_0olqy"]
[ext_resource type="Script" path="res://scripts/components/state_component.gd" id="7_kp5nr"]
[ext_resource type="Script" path="res://scripts/components/spawner_component.gd" id="8_yn1uj"]
[ext_resource type="PackedScene" uid="uid://dgg1dbgssj1m2" path="res://scenes/share/projectiles/pink_enemy_projectile.tscn" id="9_6nh1a"]

[sub_resource type="AtlasTexture" id="AtlasTexture_7grd4"]
atlas = ExtResource("2_opdpt")
region = Rect2(0, 0, 16, 16)

[sub_resource type="AtlasTexture" id="AtlasTexture_3xc6x"]
atlas = ExtResource("2_opdpt")
region = Rect2(16, 0, 16, 16)

[sub_resource type="AtlasTexture" id="AtlasTexture_skxw7"]
atlas = ExtResource("2_opdpt")
region = Rect2(32, 0, 16, 16)

[sub_resource type="AtlasTexture" id="AtlasTexture_smwpq"]
atlas = ExtResource("2_opdpt")
region = Rect2(48, 0, 16, 16)

[sub_resource type="AtlasTexture" id="AtlasTexture_f1748"]
atlas = ExtResource("2_opdpt")
region = Rect2(64, 0, 16, 16)

[sub_resource type="SpriteFrames" id="SpriteFrames_heca4"]
animations = [{
"frames": [{
"duration": 1.0,
"texture": SubResource("AtlasTexture_7grd4")
}, {
"duration": 1.0,
"texture": SubResource("AtlasTexture_3xc6x")
}, {
"duration": 1.0,
"texture": SubResource("AtlasTexture_skxw7")
}, {
"duration": 1.0,
"texture": SubResource("AtlasTexture_smwpq")
}, {
"duration": 1.0,
"texture": SubResource("AtlasTexture_f1748")
}],
"loop": true,
"name": &"default",
"speed": 7.0
}]

[sub_resource type="RectangleShape2D" id="RectangleShape2D_bnk8c"]
size = Vector2(12, 11)

[sub_resource type="RectangleShape2D" id="RectangleShape2D_6gpjx"]
size = Vector2(14, 13)

[node name="PinkEnemy" instance=ExtResource("1_x4wca")]
script = ExtResource("2_1oqft")

[node name="AnimatedSprite2D" parent="." index="0"]
sprite_frames = SubResource("SpriteFrames_heca4")
autoplay = "default"

[node name="StatsComponent" parent="." index="2"]
health = 6

[node name="VisibleOnScreenNotifier2D" parent="." index="6"]
position = Vector2(1.19209e-07, -0.5)
scale = Vector2(0.7, 0.65)

[node name="CollisionShape2D" type="CollisionShape2D" parent="HitboxComponent" index="0"]
position = Vector2(0, -0.5)
shape = SubResource("RectangleShape2D_bnk8c")

[node name="CollisionShape2D" type="CollisionShape2D" parent="HurtboxComponent" index="0"]
position = Vector2(0, -0.5)
shape = SubResource("RectangleShape2D_6gpjx")

[node name="ScoreComponent" parent="." index="12"]
adjust_amount = 20

[node name="States" type="Node" parent="." index="13"]

[node name="MoveDownState" type="Node" parent="States" index="0"]
unique_name_in_owner = true
script = ExtResource("3_rsna2")

[node name="MoveDownComponent" type="Node" parent="States/MoveDownState" index="0" node_paths=PackedStringArray("actor")]
script = ExtResource("4_g2vhe")
actor = NodePath("../../..")
velocity = Vector2(0, 15)

[node name="MoveSideState" type="Node" parent="States" index="1"]
unique_name_in_owner = true
script = ExtResource("3_rsna2")

[node name="MoveSideComponent" type="Node" parent="States/MoveSideState" index="0" node_paths=PackedStringArray("actor")]
unique_name_in_owner = true
script = ExtResource("4_g2vhe")
actor = NodePath("../../..")
velocity = Vector2(20, 0)

[node name="BorderBounceComponent" type="Node" parent="States/MoveSideState" index="1" node_paths=PackedStringArray("actor", "move_component")]
script = ExtResource("5_0olqy")
actor = NodePath("../../..")
move_component = NodePath("../MoveSideComponent")

[node name="FireState" type="Node" parent="States" index="2"]
unique_name_in_owner = true
script = ExtResource("7_kp5nr")

[node name="ProjectileSpawnerComponent" type="Node2D" parent="States/FireState" index="0"]
unique_name_in_owner = true
script = ExtResource("8_yn1uj")
scene = ExtResource("9_6nh1a")

[node name="PauseState" type="Node" parent="States" index="3"]
unique_name_in_owner = true
script = ExtResource("3_rsna2")
duration = 3.0
