[gd_scene load_steps=6 format=3 uid="uid://bel1757en0fur"]

[ext_resource type="PackedScene" uid="uid://co3owpnrhf2kh" path="res://scenes/space_background.tscn" id="1_d66hg"]
[ext_resource type="Script" path="res://scripts/menus/game_over.gd" id="1_jr4ak"]
[ext_resource type="LabelSettings" uid="uid://beknh16ekhsvd" path="res://assets/menus/title_label_settings.tres" id="2_6i2by"]
[ext_resource type="Resource" uid="uid://3vojpxwxwobe" path="res://resources/game_stats.tres" id="2_mx5vq"]
[ext_resource type="LabelSettings" uid="uid://dvu52xndtj22v" path="res://assets/menus/default_label_settings.tres" id="3_27833"]

[node name="GameOver" type="Control"]
layout_mode = 3
anchors_preset = 15
anchor_right = 1.0
anchor_bottom = 1.0
grow_horizontal = 2
grow_vertical = 2
script = ExtResource("1_jr4ak")
game_stats = ExtResource("2_mx5vq")

[node name="SpaceBackground" parent="." instance=ExtResource("1_d66hg")]

[node name="CenterContainer" type="CenterContainer" parent="."]
layout_mode = 1
anchors_preset = 15
anchor_right = 1.0
anchor_bottom = 1.0
grow_horizontal = 2
grow_vertical = 2

[node name="VBoxContainer" type="VBoxContainer" parent="CenterContainer"]
layout_mode = 2

[node name="GameOverLabel" type="Label" parent="CenterContainer/VBoxContainer"]
layout_mode = 2
text = "Game Over"
label_settings = ExtResource("2_6i2by")
horizontal_alignment = 1

[node name="ScoreHBoxContainer" type="HBoxContainer" parent="CenterContainer/VBoxContainer"]
layout_mode = 2

[node name="ScoreLabel" type="Label" parent="CenterContainer/VBoxContainer/ScoreHBoxContainer"]
layout_mode = 2
size_flags_horizontal = 3
text = "Score"
label_settings = ExtResource("3_27833")

[node name="ScoreValue" type="Label" parent="CenterContainer/VBoxContainer/ScoreHBoxContainer"]
unique_name_in_owner = true
layout_mode = 2
text = "0"
label_settings = ExtResource("3_27833")

[node name="HighscoreHBoxContainer" type="HBoxContainer" parent="CenterContainer/VBoxContainer"]
layout_mode = 2

[node name="HighscoreLabel" type="Label" parent="CenterContainer/VBoxContainer/HighscoreHBoxContainer"]
layout_mode = 2
size_flags_horizontal = 3
text = "Highscore"
label_settings = ExtResource("3_27833")

[node name="HighscoreValue" type="Label" parent="CenterContainer/VBoxContainer/HighscoreHBoxContainer"]
unique_name_in_owner = true
layout_mode = 2
text = "0"
label_settings = ExtResource("3_27833")

[node name="MenuLabel" type="Label" parent="CenterContainer/VBoxContainer"]
layout_mode = 2
text = "Press 'Space' for Start Menu"
label_settings = ExtResource("3_27833")
horizontal_alignment = 1

[node name="Label" type="Label" parent="CenterContainer/VBoxContainer"]
layout_mode = 2
text = "Press 'Escape' to quit game"
label_settings = ExtResource("3_27833")
horizontal_alignment = 1
